@article{Altun,
   author = {Altun, Zeynep},
   title = {WormAtlas Embryo Handbook - Nervous System in the Embryo - Nerve Ring Development},
   journal = {WormAtlas},
   DOI = {10.3908/wormatlas.4.2},
   url = {http://dx.doi.org/10.3908/wormatlas.4.2},
   year = {2017},
   type = {Journal Article}
}

@article{Azevedo,
   author = {Azevedo, F. A. and Carvalho, L. R. and Grinberg, L. T. and Farfel, J. M. and Ferretti, R. E. and Leite, R. E. and Jacob Filho, W. and Lent, R. and Herculano-Houzel, S.},
   title = {Equal numbers of neuronal and nonneuronal cells make the human brain an isometrically scaled-up primate brain},
   journal = {J Comp Neurol},
   volume = {513},
   number = {5},
   pages = {532-41},
   ISSN = {0021-9967},
   DOI = {10.1002/cne.21974},
   year = {2009},
   type = {Journal Article}
}

@article{Betzel,
   author = {Betzel, R. F. and Bassett, D. S.},
   title = {Generative models for network neuroscience: prospects and promise},
   journal = {J R Soc Interface},
   volume = {14},
   number = {136},
   ISSN = {1742-5689 (Print)
1742-5662},
   DOI = {10.1098/rsif.2017.0623},
   year = {2017},
   type = {Journal Article}
}

@article{Ceylan,
   author = {Ceylan, Mehmet Emin and Yertutanol, Fatma Duygu Kaya and Dönmez, Aslıhan and Öz, Pınar and Ünsalver, Barıs {\"{O}}nen and Evrensel, Alper},
   title = {CONNECTOME or COLLECTOME? A NEUROPHILOSOPHICAL Perspective},
   journal = {Integrative Psychological and Behavioral Science},
   volume = {56},
   number = {1},
   pages = {266-279},
   ISSN = {1936-3567},
   DOI = {10.1007/s12124-020-09576-7},
   url = {https://doi.org/10.1007/s12124-020-09576-7},
   year = {2022},
   type = {Journal Article}
}

@article{Costa,
   author = {Costa, Lucianoda F. and Kaiser, Marcus and Hilgetag, Claus C.},
   title = {Predicting the connectivity of primate cortical networks from topological and spatial node properties},
   journal = {BMC Systems Biology},
   volume = {1},
   number = {1},
   pages = {16},
   ISSN = {1752-0509},
   DOI = {10.1186/1752-0509-1-16},
   url = {https://doi.org/10.1186/1752-0509-1-16},
   year = {2007},
   type = {Journal Article}
}

@misc{Durbin,
   author = {Durbin, Richard Michael},
   title = {Studies on the development and organisation of the nervous system of \textit{Caenorhabditis elegans}},
   publisher = {University of Cambridge Cambridge},
   year = {1987},
   type = {Generic}
}

@article{Erdos,
  title={On the evolution of random graphs},
  author={Erd{\H{o}}s, Paul and R{\'e}nyi, Alfr{\'e}d and others},
  journal={Publ. Math. Inst. Hung. Acad. Sci},
  volume={5},
  number={1},
  pages={17-60},
  year={1960}
}

@article{Esfahanian,
  title={Connectivity algorithms},
  author={Esfahanian, Abdol-Hossein},
  journal={Topics in structural graph theory},
  pages={268-281},
  year={2013},
  publisher={Cambridge University Press Cambridge}
}

@article{Hentschel,
   author = {Hentschel, H. and Ooyen, Arjen},
   title = {Dynamic mechanisms for bundling and guidance during neural network formation},
   journal = {Physica A Statistical and Theoretical Physics},
   volume = {288},
   pages = {369-379},
   DOI = {10.1016/S0378-4371(00)00434-9},
   year = {2000},
   type = {Journal Article}
}

@article{Itzhack,
   author = {Itzhack, Royi and Louzoun, Yoram},
   title = {Random Distance Dependent Attachment as a Model for Neural Network Generation in the Caenorhabditis Elegans},
   journal = {Bioinformatics (Oxford, England)},
   volume = {26},
   pages = {647-52},
   DOI = {10.1093/bioinformatics/btq015},
   year = {2010},
   type = {Journal Article}
}

@article{Izquierdo,
   author = {Izquierdo, Eduardo J.},
   title = {Role of simulation models in understanding the generation of behavior in \textit{C. elegans}},
   journal = {Current Opinion in Systems Biology},
   volume = {13},
   pages = {93-101},
   ISSN = {2452-3100},
   DOI = {https://doi.org/10.1016/j.coisb.2018.11.003},
   url = {https://www.sciencedirect.com/science/article/pii/S2452310018300672},
   year = {2019},
   type = {Journal Article}
}

@article{Kaiser,
   author = {Kaiser, Marcus and Hilgetag, Claus C.},
   title = {Nonoptimal Component Placement, but Short Processing Paths, due to Long-Distance Projections in Neural Systems},
   journal = {PLOS Computational Biology},
   volume = {2},
   number = {7},
   pages = {e95},
   DOI = {10.1371/journal.pcbi.0020095},
   url = {https://doi.org/10.1371/journal.pcbi.0020095},
   year = {2006},
   type = {Journal Article}
}

@article{Khajezade,
   author = {Khajezade, Mohamad and Goliaei, Sama and Veisi, Hadi},
   title = {A Game-Theoretical Network Formation Model for \textit{C. elegans} Neural Network},
   journal = {Frontiers in Computational Neuroscience},
   volume = {13},
   ISSN = {1662-5188},
   DOI = {10.3389/fncom.2019.00045},
   url = {https://www.frontiersin.org/article/10.3389/fncom.2019.00045},
   year = {2019},
   type = {Journal Article}
}

@article{Kotter,
   author = {Kötter, Rolf},
   title = {Online Retrieval, Processing, and Visualization of Primate Connectivity Data From the CoCoMac Database},
   journal = {Neuroinformatics},
   volume = {2},
   number = {2},
   pages = {127-144},
   ISSN = {1539-2791},
   DOI = {10.1385/ni:2:2:127},
   url = {http://dx.doi.org/10.1385/ni:2:2:127},
   year = {2004},
   type = {Journal Article}
}

@article{McCormick,
   author = {McCormick, B. H. and Koh, W. and Choe, Y. and Abbott, L. C. and Keyser, J. and Mayerich, D. and Melek, Z. and Doddapaneni, P.},
   title = {Construction of anatomically correct models of mouse brain networks},
   journal = {Neurocomputing},
   volume = {58-60},
   pages = {379-386},
   ISSN = {0925-2312},
   DOI = {10.1016/j.neucom.2004.01.070},
   url = {http://dx.doi.org/10.1016/j.neucom.2004.01.070},
   year = {2004},
   type = {Journal Article}
}

@article{Nicosia,
   author = {Nicosia, Vincenzo and Vértes, Petra E. and Schafer, William R. and Latora, Vito and Bullmore, Edward T.},
   title = {Phase transition in the economically modeled growth of a cellular nervous system},
   journal = {Proceedings of the National Academy of Sciences},
   volume = {110},
   number = {19},
   pages = {7880-7885},
   DOI = {doi:10.1073/pnas.1300753110},
   url = {https://www.pnas.org/doi/abs/10.1073/pnas.1300753110},
   year = {2013},
   type = {Journal Article}
}

@article{PerezEscudero,
   author = {Pérez-Escudero, Alfonso and Polavieja, Gonzalo G. de},
   title = {Optimally wired subnetwork determines neuroanatomy of \textit{Caenorhabditis elegans}},
   journal = {Proceedings of the National Academy of Sciences},
   volume = {104},
   number = {43},
   pages = {17180-17185},
   DOI = {doi:10.1073/pnas.0703183104},
   url = {https://www.pnas.org/doi/abs/10.1073/pnas.0703183104},
   year = {2007},
   type = {Journal Article}
}

@article{Prinz,
   author = {Prinz, Astrid A. and Bucher, Dirk and Marder, Eve},
   title = {Similar network activity from disparate circuit parameters},
   journal = {Nature Neuroscience},
   volume = {7},
   number = {12},
   pages = {1345-1352},
   ISSN = {1546-1726},
   DOI = {10.1038/nn1352},
   url = {https://doi.org/10.1038/nn1352},
   year = {2004},
   type = {Journal Article}
}

@article{Rheault,
   author = {Rheault, F. and Poulin, P. and Valcourt Caron, A. and St-Onge, E. and Descoteaux, M.},
   title = {Common misconceptions, hidden biases and modern challenges of dMRI tractography},
   journal = {J Neural Eng},
   volume = {17},
   number = {1},
   pages = {011001},
   ISSN = {1741-2552},
   DOI = {10.1088/1741-2552/ab6aad},
   year = {2020},
   type = {Journal Article}
}

@article {Ryan,
article_type = {journal},
title = {The CNS connectome of a tadpole larva of \textit{Ciona intestinalis} (L.) highlights sidedness in the brain of a chordate sibling},
author = {Ryan, Kerrianne and Lu, Zhiyuan and Meinertzhagen, Ian A},
editor = {Marder, Eve},
volume = 5,
year = 2016,
month = {dec},
pub_date = {2016-12-06},
pages = {e16962},
citation = {eLife 2016;5:e16962},
doi = {10.7554/eLife.16962},
url = {https://doi.org/10.7554/eLife.16962},
keywords = {connectome, synapse, network, CNS},
journal = {eLife},
issn = {2050-084X},
publisher = {eLife Sciences Publications, Ltd},
}


@article{Schafer,
   author = {Schafer, William R.},
   title = {Neurophysiological methods in \textit{C. elegans}: an introduction},
   journal = {WormBook : the online review of C. elegans biology},
   pages = {1-4},
   ISSN = {1551-8507},
   DOI = {10.1895/wormbook.1.111.1},
   url = {https://pubmed.ncbi.nlm.nih.gov/18050439
https://www.ncbi.nlm.nih.gov/pmc/articles/PMC4780964/},
   year = {2006},
   type = {Journal Article}
}

@article{Skuhersky,
   author = {Skuhersky, M. and Wu, T. and Yemini, E. and Nejatbakhsh, A. and Boyden, E. and Tegmark, M.},
   title = {Toward a more accurate 3D atlas of \textit{C. elegans} neurons},
   journal = {BMC Bioinformatics},
   volume = {23},
   number = {1},
   pages = {195},
   ISSN = {1471-2105},
   DOI = {10.1186/s12859-022-04738-3},
   year = {2022},
   type = {Journal Article}
}

@article{Sporns,
   author = {Sporns, Olaf and Tononi, Giulio and Kötter, Rolf},
   title = {The Human Connectome: A Structural Description of the Human Brain},
   journal = {PLOS Computational Biology},
   volume = {1},
   number = {4},
   pages = {e42},
   DOI = {10.1371/journal.pcbi.0010042},
   url = {https://doi.org/10.1371/journal.pcbi.0010042},
   year = {2005},
   type = {Journal Article}
}

@article {Towlson,
	author = {Towlson, Emma K. and V{\'e}rtes, Petra E. and Ahnert, Sebastian E. and Schafer, William R. and Bullmore, Edward T.},
	title = {The Rich Club of the C. elegans Neuronal Connectome},
	volume = {33},
	number = {15},
	pages = {6380-6387},
	year = {2013},
	doi = {10.1523/JNEUROSCI.3784-12.2013},
	publisher = {Society for Neuroscience},
	issn = {0270-6474},
	URL = {https://www.jneurosci.org/content/33/15/6380},
	eprint = {https://www.jneurosci.org/content/33/15/6380.full.pdf},
	journal = {Journal of Neuroscience}
}


@article{VanEssen,
   author = {Van Essen, D. C. and Ugurbil, K. and Auerbach, E. and Barch, D. and Behrens, T. E. and Bucholz, R. and Chang, A. and Chen, L. and Corbetta, M. and Curtiss, S. W. and Della Penna, S. and Feinberg, D. and Glasser, M. F. and Harel, N. and Heath, A. C. and Larson-Prior, L. and Marcus, D. and Michalareas, G. and Moeller, S. and Oostenveld, R. and Petersen, S. E. and Prior, F. and Schlaggar, B. L. and Smith, S. M. and Snyder, A. Z. and Xu, J. and Yacoub, E.},
   title = {The Human Connectome Project: a data acquisition perspective},
   journal = {Neuroimage},
   volume = {62},
   number = {4},
   pages = {2222-31},
   ISSN = {1053-8119 (Print)
1053-8119},
   DOI = {10.1016/j.neuroimage.2012.02.018},
   year = {2012},
   type = {Journal Article}
}

@article {Veraszto,
	author = {Veraszt{\'o}, Csaba and Jasek, Sanja and G{\"u}hmann, Martin and Shahidi, R{\'e}za and Ueda, Nobuo and Beard, James David and Mendes, Sara and Heinz, Konrad and Bezares-Calder{\'o}n, Luis Alberto and Williams, Elizabeth and J{\'e}kely, G{\'a}sp{\'a}r},
	title = {Whole-animal connectome and cell-type complement of the three-segmented Platynereis dumerilii larva},
	elocation-id = {2020.08.21.260984},
	year = {2020},
	doi = {10.1101/2020.08.21.260984},
	publisher = {Cold Spring Harbor Laboratory},
	URL = {https://www.biorxiv.org/content/early/2020/08/23/2020.08.21.260984},
	eprint = {https://www.biorxiv.org/content/early/2020/08/23/2020.08.21.260984.full.pdf},
	journal = {bioRxiv}
}

@article{Watts,
  title={Collective dynamics of 'small-world' networks},
  author={Watts, Duncan J and Strogatz, Steven H},
  journal={nature},
  volume={393},
  number={6684},
  pages={440-442},
  year={1998},
  publisher={Nature Publishing Group}
}

@article{White,
   author = {White, John G and Southgate, Eileen and Thomson, J Nichol and Brenner, Sydney},
   title = {The structure of the nervous system of the nematode \textit{Caenorhabditis elegans}},
   journal = {Philos Trans R Soc Lond B Biol Sci},
   volume = {314},
   number = {1165},
   pages = {1-340},
   ISSN = {0962-8436},
   year = {1986},
   type = {Journal Article}
}

@article{Winding,
   author = {Winding, Michael and Pedigo, Benjamin D. and Barnes, Christopher L. and Patsolic, Heather G. and Park, Youngser and Kazimiers, Tom and Fushiki, Akira and Andrade, Ingrid V. and Khandelwal, Avinash and Valdes-Aleman, Javier and Li, Feng and Randel, Nadine and Barsotti, Elizabeth and Correia, Ana and Fetter, Richard D. and Hartenstein, Volker and Priebe, Carey E. and Vogelstein, Joshua T. and Cardona, Albert and Zlatic, Marta},
   title = {The connectome of an insect brain},
   journal = {Science},
   volume = {379},
   number = {6636},
   pages = {eadd9330},
   DOI = {doi:10.1126/science.add9330},
   url = {https://www.science.org/doi/abs/10.1126/science.add9330},
   year = {2023},
   type = {Journal Article}
}

@article{Witvliet,
   author = {Witvliet, Daniel and Mulcahy, Ben and Mitchell, James K. and Meirovitch, Yaron and Berger, Daniel R. and Wu, Yuelong and Liu, Yufang and Koh, Wan Xian and Parvathala, Rajeev and Holmyard, Douglas and Schalek, Richard L. and Shavit, Nir and Chisholm, Andrew D. and Lichtman, Jeff W. and Samuel, Aravinthan D. T. and Zhen, Mei},
   title = {Connectomes across development reveal principles of brain maturation},
   journal = {Nature},
   volume = {596},
   number = {7871},
   pages = {257-261},
   ISSN = {1476-4687},
   DOI = {10.1038/s41586-021-03778-8},
   url = {https://doi.org/10.1038/s41586-021-03778-8},
   year = {2021},
   type = {Journal Article}
}

@misc{WormAtlas2009,
   author = {WormAtlas},
   title = {WormBase project},
   url = {http://www.wormatlas.org/neuronalwiring.html},
   year = {2009}
}